2774 4822
511 453 904 522 ...ὲ-4....»

1061 571 1071 606 l

92 639 305 736 derim,
328 663 398 712 non
410 650 490 711 tam
496 648 640 735 propter
660 639 850 743 avariiam,
877 600 981 734 quam
992 625 1080 712 alius
1101 643 1244 740 alicujus

178 751 247 820 uitii
263 769 365 818 causa
381 746 551 816 neminem
564 769 602 814 se
621 741 814 814 contentum
837 769 928 816 esse·
942 747 1049 838 quod
1062 755 1252 840 unumque
1344 762 1346 768 '

101 835 108 854 l
171 853 287 944 quiris
302 873 400 921 sanus
414 849 569 940 intelligit
583 858 722 940 prorsus
743 849 930 918 abhorrere
954 851 1146 940 aconsilio,
1173 875 1244 942 quo

178 954 244 1028 hos
257 977 372 1048 versus
387 957 410 1022 ιι
428 962 543 1046 poeta·
555 952 771 1046 praecedenti
787 953 1010 1044 disputationi.
1020 953 1153 1024 additos
1169 979 1244 1024 csse

54 1123 60 1132 .
172 1080 320 1128 neccsse
339 1066 399 1127 esi.
450 1057 607 1147 Denique
630 1057 658 1126 si
680 1055 763 1125 nihil
786 1057 855 1125 vitii
876 1058 1161 1150 praetercundum
1181 1069 1244 1146 est,
1372 1143 1373 1154 ἵ

173 1169 218 1232 ,ιιι
228 1161 266 1232 id
279 1162 407 1252 ipsum,
434 1159 529 1252 'quod
544 1159 624 1228 feni
638 1160 764 1253 nequit,
788 1155 949 1254 hocloco
965 1159 1147 1230 dicendum
1157 1185 1244 1252 csse,
1294 1201 1296 1209 ·

142 1331 146 1344 ,
175 1265 349 1336 neminem
363 1285 502 1332 ararum
517 1286 554 1332 se
566 1286 636 1332 non
648 1263 813 1357 probare:
833 1285 895 1331 nos
912 1263 1051 1354 quidem
1067 1266 1244 1334 contendi

140 1418 143 1429 ·
173 1391 275 1454 mus,
300 1368 329 1438 si
351 1367 487 1438 ideam
504 1368 540 1435 vi
557 1365 789 1458 iuterrogaudi
809 1375 915 1458 poeta
935 1369 1049 1458 eloqui
1073 1369 1245 1458 voluisset,
1307 1435 1309 1438 .

110 1545 113 1554 ,
176 1472 249 1556 alio
261 1469 368 1568 modo
380 1462 498 1562 quovis
514 1493 593 1538 eum
609 1471 812 1562 scripturum
825 1469 944 1560 luisse,
970 1479 1073 1562 atque
1093 1473 1245 1564 partica.-

179 1574 221 1646 lis
232 1603 287 1648 -.-,·-
300 1582 399 1644 aeut
416 1573 566 1666 positiss,
578 1573 699 1664 quibus
722 1573 862 1664 quidem
872 1573 1126 1668 interrogationi
1143 1575 1245 1644 adluis

180 1677 258 1752 bias
275 1671 396 1758 πάθος
411 1675 585 1768 quoddam
600 1672 824 1769 significatur,
845 1677 957 1768 quod
960 1703 962 1710 ’
984 1677 1109 1768 siquid
1127 1681 1245 1788 sentio,

181 1804 204 1850 a
217 1781 358 1881 simplici
373 1783 419 1850 ita
433 1781 607 1867 sententia,
628 1781 801 1849 neminem·
813 1786 960 1850 ararum
968 1780 1037 1851 sire
1050 1805 1093 1852 se
1103 1778 1245 1902 conten

181 1894 255 1956 tum
269 1907 345 1954 esre
369 1884 438 1953 sire
452 1907 521 1954 non
534 1893 629 1972 ess‘e,
646 1883 798 1952 omnino
810 1881 957 1952 alienmn
973 1893 1073 1953 est

178 2035 189 2044 e
285 1987 367 2057 Jam
388 2009 470 2056 vero
490 1996 673 2078 postquam
691 1986 808 2056 sitium
828 1987 965 2056 latere
955 2011 990 2056 ιιι
1012 1987 1123 2058 verbis
1146 1943 1247 2078 „Ne-

56 2109 59 2117 '
179 2113 285 2162 mone
299 2098 338 2164 ιιι
354 2113 490 2160 avarae
505 2112 545 2160 ae
560 2089 722 2182 probam
745 2091 927 2160 certissima
948 2091 1076 2160 ratione
1093 2094 1246 2186 arguisse

151 2263 154 2288 ,
181 2195 281 2266 nobis
302 2191 472 2280 ridemur,
513 2194 857 2286 circumspicientibus
878 2195 1039 2282 idoneam
1065 2195 1246 2284 medelam,

183 2298 279 2391 quod
295 2321 359 2388 per
375 2321 411 2366 sc
430 2298 658 2388 importumm
673 2321 746 2366 esse
761 2297 870 2418 dicas,
889 2297 932 2366 id
946 2322 1006 2368 nos
1024 2299 1161 2390 quidem
1180 2323 1247 2368 no-
1278 2349 1282 2356 ·

179 2403 366 2472 bisetium
370 2400 589 2494 grunlamm.
609 2402 818 2494 Speremus
817 2402 907 2474 enim
922 2403 1035 2489 fore,
1023 2413 1061 2474 ut
1073 2403 1185 2470 ιιιιι1ιι
1182 2415 1245 2469 no'-
1278 2441 1279 2448 ι

125 2495 127 2501 Χ
182 2505 281 2575 bis
251 2528 312 2576 ιιιι
301 2503 447 2574 'docti
428 2529 505 2600 pam
524 2506 623 2574 facilc
639 2505 835 2595 assentiant,
862 2505 964 2574 ctiam
983 2506 1054 2574 aliis
1069 2514 1246 2596 practerea

183 2607 276 2681 launo
288 2609 404 2678 locum
415 2609 574 2678 molestiis
588 2613 639 2696 et,
665 2617 704 2676 ut
718 2628 836 2678 verum
852 2609 1019 2698 dicamus,
1045 2609 1128 2690 vitiis¹
1145 2609 1246 2676 labo-

182 2735 276 2784 rare:
293 2725 391 2807 'quae
405 2713 544 2804 quidem
562 2715 643 2782 talia
657 2719 750 2798 sunt,
775 2720 814 2780 ut
829 2735 898 2780 non
916 2713 1031 2782 solum
1044 2709 1198 2781 vitiosam
1212 2711 1247 2780 in

183 2816 310 2903 ιιιιειιὶι
324 2817 415 2886 libris
432 2816 533 2908 hujus
551 2818 619 2885 loci
636 2810 836 2910 scripturam
853 2822 927 2885 es'se
944 2819 1159 2902 confirment,
1185 2813 1248 2884 sed

185 2920 287 2989 etiam
315 2919 517 2990 medicinam
543 2921 624 2989 vitio
657 2921 894 3012 quaerentibus
926 2921 1016 2990 viam
1051 2927 1246 2987 monstrent.

79 3013 85 3020 ’
101 3049 106 3062 ·
183 3013 342 3114 Namque
355 3031 394 3090 ut
405 3024 607 3117 largiamur,
633 3021 727 3114 quod
742 3045 822 3092 saue
836 3023 930 3096 nullo
947 3008 1053 3104 modo
1068 3021 1247 3109 credimus,

184 3149 288 3220 posse
310 3125 464 3214 istorum,
497 3127 543 3196 de
567 3127 687 3218 quibus
709 3127 919 3217 quaerimus,
951 3149 1011 3194 ver
1010 3125 1133 3193 bomm
1157 3123 1249 3214 lupnc

185 3231 515 3317 sententiamesse,
531 3229 643 3316 „We
664 3229 723 3298 nie
744 3229 839 3300 doch
860 3232 916 3300 ein
943 3227 1115 3298 Geialrale
1139 3227 1248 3298 selbot
1282 3293 1284 3300 ,

90 3349 95 3354 ’
184 3333 262 3402 rtet
282 3333 462 3426 gestillt“.·
488 3355 598 3402 aunon
619 3333 735 3420 sentis,
763 3353 866 3423 quam
883 3333 970 3401 haee
993 3333 1035 3416 sit
1050 3333 1249 3424 praesertim
1316 3367 1319 3372 ¹

185 3435 255 3506 hoc
274 3435 352 3504 loco
373 3437 469 3514 nirnis
481 3437 637 3528 profecto
655 3437 819 3530 languida
840 3435 947 3508 oratio
962 3444 1063 3526 atque
1080 3435 1248 3504 elumbis?

86 3612 91 3623 ,
186 3539 369 3626 Nimirum,
397 3539 567 3632 digressus
592 3551 694 3632 poeta
718 3541 850 3632 longius
870 3549 1050 3633 postquam
1070 3538 1247 3608 ridiculum
1372 3601 1373 3606 ,

186 3665 255 3711 non
267 3644 377 3734 magis
388 3665 490 3732 quam
506 3645 642 3738 stultqm
656 3643 831 3715 homiuum
845 3665 1023 3722 avarorum
1035 3666 1142 3736 genus
1157 3641 1246 3708 mul*

186 3744 229 3814 ti's
243 3754 345 3836 atque
361 3745 508 3839 egregiis
524 3747 647 3816 salibus
670 3742 879 3840 perfricavit:
903 3746 961 3816 ubi
976 3745 1267 3840 adpropositum

49 3920 51 3926 ,
187 3849 373 3936 revertitm,
392 3848 620 3941 pulcherrima
625 3849 702 3943 jam
713 3861 828 3918 narrat
845 3850 925 3940 ista,
947 3851 1068 3920 misere
1082 3847 1250 3918 submissa
1372 3903 1373 3940 ,

188 3951 308 4044 opinor
329 3973 415 4020 voce
434 3975 662 4044 conquerens:
700 3951 776 4024 We
790 3953 849 4024 nie
869 3953 964 4024 doch
994 3955 1050 4028 ein
1076 3949 1254 4024 Geuhats,
1372 3945 1373 4012 l

186 4052 553 4152 aalbatat'clrgesrillt!
584 4057 708 4128 Alista
721 4058 781 4130 ubi
796 4055 915 4144 audio,
942 4050 1118 4148 equidem,
1142 4055 1249 4124 utin-
1370 4083 1373 4132 2

82 4167 85 4176 ‘
187 4179 300 4250 genae
322 4158 449 4247 fatear,
496 4161 663 4230 aniculam
690 4161 839 4252 aliquam
866 4159 984 4230 audire
1006 4157 1090 4228 mihi
1117 4155 1252 4243 videor,

187 4282 295 4355 quae,
324 4261 385 4336 ubi
404 4285 483 4355 rum
500 4257 1253 4362 aequalibus„oouiabrdatur,.nihilhaheat‚.
1372 4311 1373 4362 3
