2774 4822
420 1287 497 1358 llo
548 1286 832 1356 lectorem.
930 1383 934 1392 1

91 1438 211 1550 Quum
231 1469 305 1531 aute
321 1463 378 1530 bas
396 1482 452 1526 sex
477 1463 546 1526 lere
568 1459 780 1522 hebdomades
792 1457 1023 1538 Naumbcrgum
1044 1461 1164 1524 nuntio-

94 1561 160 1617 tum
179 1553 290 1628 esset,
307 1549 418 1614 Virum
432 1545 749 1620 Excellentissimum,
777 1545 813 1606 1..
834 1545 870 1606 Β.
886 1544 978 1606 Stein
995 1546 1035 1608 de
1058 1547 1163 1610 Alcen·

93 1641 192 1718 stein,
219 1640 307 1720 cujus
331 1635 445 1715 insigni
467 1653 571 1698 rernm
592 1631 842 1693 scholasticarum
863 1629 895 1691 ln
917 1637 1023 1699 nostra
1042 1632 1165 1695 civitate
1234 1635 1236 1644 '

91 1745 186 1790 curae
200 1725 295 1796 etiam
316 1721 344 1784 G
367 1721 517 1784 mnasium
542 1716 726 1780 cathedrale
742 1716 997 1796 Naumburgcnse
1016 1718 1113 1780 multa
1126 1738 1165 1780 ac

90 1830 201 1890 magna
215 1808 367 1872 beneficm
383 1807 493 1881 debet,
514 1805 577 1868 boc
594 1821 701 1864 meuse
721 1802 754 1864 in
776 1801 855 1864 bunc
874 1801 983 1874 urbem
1004 1810 1166 1875 uenturum
1251 1799 1255 1808 ’

90 1897 197 1978 ibique
219 1895 337 1972 aliquot
361 1891 429 1953 dies
450 1897 706 1954 commoraturum
725 1907 812 1950 esse:
840 1887 1055 1964 magistrorum
1074 1889 1172 1974 bajus

92 1980 254 2062 Gymnasii
267 1977 430 2056 collegium
443 1995 504 2038 nno
524 1994 675 2038 consensu
688 1973 843 2048 decrevit,
869 1971 945 2036 Viro
959 1973 1166 2036 Excellentis-

92 2065 189 2142 slmo,
213 2064 304 2145 quem
322 2063 357 2124 id
372 2083 428 2144 pro
446 2062 592 2147 singulari
610 2059 799 2122 humanitate
819 2078 876 2120 sna
888 2077 950 2120 uon
971 2058 1065 2140 aegre
1086 2059 1167 2122 latu·
1245 2059 1248 2067 ‘

91 2170 162 2212 rum
187 2169 258 2218 esse
278 2149 491 2220 confidebant,
525 2146 663 2208 libellum
684 2145 813 2218 offerre,
828 2201 831 2208 ,
847 2163 908 2224 qno
930 2150 996 2206 tum
1016 2145 1167 2208 laetitiam

92 2253 198 2306 suam,
221 2234 304 2310 quod
317 2233 455 2292 illum-in
477 2232 536 2292 bac
550 2231 628 2292 urbe
647 2229 753 2288 videre
776 2230 985 2308 contingeret,
1011 2231 1168 2308 significa-

93 2325 175 2390 rent,
196 2321 263 2376 tum
275 2334 423 2376 summam
437 2320 625 2374 testarentur
638 2313 840 2377 reverentiam
857 2333 943 2376 suam
959 2335 996 2377 oc
1009 2317 1168 2397 pietatem,

94 2422 155 2486 qua
172 2399 259 2460 illnru
282 2417 468 2460 summorum
490 2399 550 2463 sibl
572 2396 790 2458 beneficiorum
810 2405 967 2485 auctorem
983 2421 1169 2464 veneraren-
1280 2447 1283 2454 ,

93 2493 155 2552 tur.
177 2485 255 2566 Ejus
269 2491 372 2550 eutem
388 2483 484 2544 libelli
498 2481 711 2558 conscribendi
725 2481 882 2562 negotium
893 2483 1169 2550 bonorificentissi·
1271 2507 1275 2523 *

94 2591 180 2648 mum
194 2590 288 2650 quum
304 2569 392 2632 nobis
407 2569 583 2632 mandatum
597 2574 698 2630 esset:
720 2567 852 2646 primum
869 2568 1003 2648 quidem,
1025 2572 1170 2650 qnoniam

92 2675 156 2724 non
170 2656 301 2718 multum
323 2651 471 2736 temporis
496 2653 754 2718 adscribendum
778 2671 956 2735 murenam
978 2664 1062 2730 erat,
1091 2657 1172 2718 nibil

93 2742 155 2806 nisi
169 2737 434 2814 dissertationem,
454 2759 545 2822 quam
563 2740 596 2802 iu
609 2739 717 2802 limine
730 2737 827 2800 libelli
842 2739 972 2821 accipis,
994 2741 1035 2803 de
1047 2741 1172 2806 Horatii
1216 2765 1218 2770 ·

95 2827 246 2892 Sermone
261 2825 282 2884 l.
296 2823 319 2886 Ι.
340 2825 438 2906 primo
455 2825 602 2888 exbibete
614 2825 646 2884 in
662 2824 763 2886 animo
775 2831 857 2886 erat:
874 2817 966 2906 post,
985 2828 1039 2890 ubi
1055 2827 1170 2910 adven-

94 2919 146 2978 tus
160 2909 229 2974 Viri
246 2909 504 2974 Excellentissimi
526 2913 565 2974 de
579 2911 631 2973 die
645 2911 678 2972 in
696 2911 778 2970 diem
792 2909 985 2990 differretur,
1004 2932 1042 2976 ea
1056 2933 1169 2994 oppor-
1250 2977 1252 2984 ,

95 2997 229 3080 tunitate
248 2995 298 3059 lta¹
306 2983 453 3070 utendum
463 2987 661 3090 Ἰριιίανίιιιιιι,
679 3003 717 3080 ut
734 2995 891 3079 specimen
905 2996 1168 3076 Adversariorum,

96 3101 176 3164 qnae
191 3081 363 3160 conscripta
376 3081 523 3144 bubemns
536 3083 568 3144 in
585 3081 720 3151 Platonis
733 3081 847 3154 libros,
868 3079 1060 3161 adderemus.
1099 3085 1171 3162 Quo
1236 3123 1240 3148 .

96 3167 264 3249 specimine
279 3185 357 3244 quae
371 3167 580 3242 continentur,
603 3167 743 3230 consulto
757 3185 795 3228 co
810 3165 934 3230 delectu
950 3167 1171 3250 excerpsimus,
1244 3209 1247 3223 «

97 3259 133 3338 nt
150 3253 215 3316 aba*
230 3259 329 3314 artem
352 3250 506 3328 criticam,
535 3253 595 3314 alia
614 3251 822 3332 exegetioam,
854 3251 915 3314 alia
931 3253 1172 3334 grammaticum,

98 3339 158 3409 alia
176 3335 454 3416 lexicographioom
483 3331 674 3419 spectarent:
702 3357 741 3400 ex
764 3354 826 3418 quo
852 3337 1030 3401 existimare
1049 3329 1173 3420 liceret,
1230 3419 1233 3426 .

98 3423 219 3508 qualem
233 3440 290 3482 uos
301 3420 438 3482 Platonis
451 3425 572 3506 scriptis
587 3425 620 3486 in
635 3424 717 3486 omni
730 3421 791 3486 boc
809 3441 925 3504 genere
936 3442 1062 3504 operam
1078 3443 1171 3492 urus·

98 3507 161 3578 turi
182 3514 327 3578 msemus.
362 3508 527 3588 Superest,
548 3515 583 3572 nt
596 3516 740 3595 notemur
759 3527 883 3574 errores
895 3503 1086 3590 typotb'etee.
1143 3569 1146 3574 .
1258 3516 1262 3528 ’

150 3639 180 3693 Ρ.
193 3637 221 3706 4,
236 3656 269 3694 ν.
277 3641 303 3694 6.
316 3639 381 3710 lege
397 3649 468 3694 esset
481 3655 534 3712 pro
545 3657 613 3698 earo.
627 3671 664 3685 --
686 3643 718 3698 Ρ.
730 3642 759 3712 5,
771 3641 816 3698 28.
831 3639 852 3696 l.
865 3639 1022 3697 deferimur
1033 3661 1062 3716 p.
1078 3631 1172 3701 deflet
1282 3681 1287 3704 r
1318 3597 1322 3606 ι

150 3707 298 3765 rimun-
331 3712 361 3766 Ρ.
375 3713 401 3766 6.
423 3711 499 3764 inira
518 3723 582 3782 port
598 3713 643 3766 ute
678 3712 741 3766 lura
757 3714 874 3766 comm
888 3727 972 3780 poue.
989 3739 1026 3758 ι-
1059 3715 1089 3769 P.
1099 3717 1171 3785 m.

150 3778 246 3833 liare
258 3796 290 3901 p.
304 3796 429 3834 πετο.-
463 3785 492 3838 P.
508 3784 535 3838 8.
551 3798 577 3836 r.
591 3729 678 3836 ultb

151 3851 235 3904 r.28·
271 3855 388 3906 ,aestus
425 3860 545 3906 ‚emtas
563 3879 606 3914 —·‚
631 3853 661 3907 P.
677 3853 779 3919 1⁵,2e
800 3851 820 3906 l.
859 3849 942 3918 abeas
960 3869 988 3922 p.
1004 3853 1119 3910 habeat.
1135 3885 1172 3898 ·-

131 3949 134 3952 ·
152 3915 181 3970 P·
194 3919 238 3980 18.
250 3920 298 3974 17.
307 3919 327 3972 1.
338 3937 403 3977 mac
427 3920 472 3974 ‘na
486 3937 514 3990 p.
527 3922 659 3976 murima.
675 3949 712 3964 -
739 3911 810 3976 ibit.
828 3919 1019 4009 r.19.porret
1030 3941 1059 3994 p.
1073 3926 1172 3996 possit.

153 3985 185 4038 Ρ.
200 3989 294 4052 19,ὶ5.
308 3988 328 4042 l.
341 3987 385 4045 bie
396 4007 422 4067 p.
435 3990 490 4048 hie.
503 4021 539 4032 -
573 3993 603 4046 P.
617 3989 662 4056 ²4,
673 3992 720 4050 ³5.
733 3989 839 4048 allisos
853 4009 881 4062 p·
894 3990 1016 4050 coiisse.
1030 4023 1065 4034 -
1081 3997 1110 4048 Ρ.
1122 3996 1168 4064 25,

675 3781 811 3836 ‚laborat
853 3777 1046 3842 .'1ahorat.-
1079 3787 1109 3842 Ρ.
1126 3789 1173 3854 18,
1297 3843 1298 3848 ,

153 4055 197 4110 13.
217 4055 272 4129 Ζῆν
285 4075 313 4128 p.
327 4059 399 4132 Εῇν.
418 4089 448 4102 -
483 4061 512 4114 Ρ.
530 4059 576 4130 34,
592 4063 637 4118 22.
655 4057 804 4131 postXeu.
817 4057 910 4116 'Mena
925 4061 999 4116 adde
1013 4068 1033 4117 l.
1047 4066 1074 4132 5,
1091 4066 1119 4120 8.
1134 4091 1170 4106 -
1230 4089 1233 4096 ¹
1288 4041 1290 4050 ,

151 4123 184 4177 P.
195 4124 239 4192 ³6,
252 4124 278 4181 4.
293 4127 313 4182 l.
329 4132 526 4186 Erksnntnisre
539 4147 568 4199 p.
583 4136 786 4186 Bebennrm'ees.
799 4159 835 4172 -
858 4133 889 4187 Ρ.
902 4128 947 4200 41,
960 4131 1020 4190 5.1.
1035 4143 1173 4206 quantum

27 4239 28 4279 ι
150 4196 1174 4342 ἓιῖζὶἶῖ....ῗὲΡᾶΡόῗῗῗὲ“ἱει.ἳ·.ἓῗῗῗὲ’ἐ2ζῖξε.ἑὸὲῑ
